@article{swarbrick2019,
title={How live music moves us: head movement differences in audiences to live versus recorded music},
  author={Swarbrick, Dana and Bosnyak, Dan and Livingstone, Steven R and Bansal, Jotthi and Marsh-Rollo, Susan and Woolhouse, Matthew H and Trainor, Laurel J},
  journal={Frontiers in psychology},
  volume={9},
  pages={2682},
  year={2019},
  publisher={Frontiers Media SA}
}